@article{muff.etal2022,
 title = {Rewriting results sections in the language of evidence},
 journal = {Trends in Ecology and Evolution},
 author = {Muff, S. and Nilsen, E.B. and O'Hara, R.B. and Nater, C.R.},
 year = {2022},
 volume = {37},
 pages = {203--210}
}

@article{meuwissen2001,
 title = {Prediction of Total Genetic Value Using Genome-Wide Dense Marker Maps},
 author = {Meuwissen, T.H.E. and Hayes, B.J. and Goddard, M.E.},
 year = {2001},
 journal = {Genetics},
 volume = {157},
 pages = {1819--1829}
 }

@article{odegaard.etal2018,
 title = {Large-scale genomic prediction using singular value decomposition of the genoytpe matrix},
 author = {{\O}deg{\aa}rd, J. and Indahl, U. and Strand\'en, I. and Meuwissen, T.H.E.},
 journal = {Genetics, Selection, Evolution},
 year = {2018},
 volume = {50},
 pages = {6}
}

@article{legarra.etal2009,
  title = {A relationship matrix including full pedigree and genomic information},
  author = {Legarra, A. and Aguilar, I. and Misztal, I.},
  journal = {Journal of Dairy Science},
  year = {2009},
  volume = {92},
  pages = {4656--4663}
}
